@book{Samko1993,
	author		= "Samko, S.G. and Kilbas, A.A. and Marichev, O.I.",
	title 		= "Fractional Integrals and Derivatives",
	publisher 	= "Breach Science Publishers",
	year		= "1993"
}

@book{Podlubny1999,
	author 		= "Podlubny, I.",
	title		= "Fractional Differential Equations",
	publisher	= "Academic Press",
	year		= "1999"
}

@article{Tisdell2012,
	author		= "Tisdell, C.C.",
	title		= "On the Application of Sequential and Fixed-Point Methods to Fractional Differential Equations of Arbitrary Order",
	year		= "2012",
	journal		= "Journal of Integral Equations",
	volume		= "24"
}

@article{Diethelm2002,
	author		= "Diethelm, K. and Ford, N.J.",
	title		= "Analysis of Fractional Differential Equations",
	year		= "2002",
	journal		= "Journal of Mathematical Analysis and Applications",
	volume		= "265",
	pages		= "229--248"
}

@book{Kolmogorov1975,
	author		= "Kolmogorov, A.N. and Fomin, S.V.",
	title		= "Introductory Real Analysis",
	year		= "1975",
	publisher	= "Dover",
	editor		= "Silverman, R.A.",
}

@article{Bihari1956,
	author		= "Bihari, I.",
	title		= "A generalization of lemma of Bellman and its application to uniqueness of problems of differential equations",
	year		= "1956",
	journal		= "Acta Mathematica Academiae",
	volume		= "7",
	pages		= "81-94"
}

@article{Butera2014,
	author		= "Butera, S. and Di Paola, M.",
	title		= "Fractional differential equations solved using Mellin transform",
	year		= "2014",
	journal		= "Communications in Nonlinear Science and Numerical Simulation",
	volume		= "19",
	issue		= "7",
	pages		= "2220-2227",
	archivePrefix	= "arXiv",
	eprint		= "1402.5949"
}

@article{Diethelm2011,
    author      = "Diethelm, K.",
    title       = "An efficient Parallel Algorithm For The Numerical Solution Of Fractional Differential Equations",
    year        = "2011",
    journal     = "Fractional Calculus and Applied Analysis",
    volume      = "14",
    issue       = "3",
    pages       = "475-490"
}

@article{Diethelm2004,
    author      = "Diethelm, K. and Ford, N.J. and Freed, A.D.",
    title       = "Detailed error analysis for a fractional Adams Method.",
    year        = "2004",
    journal     = "Numerical Algorithms",
    volume      = "36",
    pages       = "31-52"
}
