@book{podlubny1999,
	author		= "Igor Podlubny",
	title		= "Fractional Differential Equations",
	year		= "1999"
	publisher	= "Academic Press",
	address		= "San Diego, California 92101-4495, USA",
	editor		= "William F. Ames"
}

@unpublished{tisdell2012,
	author		= "Christopher C. Tisdell",
	title		= "MATH5175 - Ordinary Differential Equations",
	institution	= "The Unversitity of New South Wales",
	howpublished	= "University Lecture",
	year		= "2012"
}
	
